@inproceedings{
	soudry2018the,
	title={The Implicit Bias of Gradient Descent on Separable Data},
	author={Daniel Soudry and Elad Hoffer and Nathan Srebro},
	booktitle={International Conference on Learning Representations},
	year={2018},
	url={https://openreview.net/forum?id=r1q7n9gAb},
}

@article{DBLP:journals/corr/HardtRS15,
	author    = {Moritz Hardt and
	Benjamin Recht and
	Yoram Singer},
	title     = {Train faster, generalize better: Stability of stochastic gradient
	descent},
	journal   = {CoRR},
	volume    = {abs/1509.01240},
	year      = {2015},
	url       = {http://arxiv.org/abs/1509.01240},
	archivePrefix = {arXiv},
	eprint    = {1509.01240},
	timestamp = {Mon, 13 Aug 2018 16:46:09 +0200},
	biburl    = {https://dblp.org/rec/bib/journals/corr/HardtRS15},
	bibsource = {dblp computer science bibliography, https://dblp.org}
}
